<?xml version="1.0" encoding="utf-8"?>
<record xmlns="http://www.loc.gov/MARC21/slim" xmlns:xsi="http://www.w3.org/2001/XMLSchema-instance" xsi:schemaLocation="http://www.loc.gov/MARC21/slim http://www.loc.gov/standards/marcxml/schema/MARC21slim.xsd">
	<leader>     nam a22        4500</leader>
	<controlfield tag="001">b12889921</controlfield>
	<controlfield tag="003">LeBAU</controlfield>
	<controlfield tag="006">m        d        </controlfield>
	<controlfield tag="007">cr cn |||m|||a</controlfield>
	<controlfield tag="008">170119s1948    le a    o     ||0 0 ara d</controlfield>
	<datafield ind1=" " ind2=" " tag="040">
		<subfield code="a">NNU</subfield>
		<subfield code="b">ara</subfield>
		<subfield code="e">rda</subfield>
		<subfield code="c">NNU</subfield>
	</datafield>
	<datafield ind1="1" ind2=" " tag="041">
		<subfield code="a">ara</subfield>
		<subfield code="h">eng</subfield>
	</datafield>
	<datafield ind1=" " ind2="4" tag="050">
		<subfield code="a">DS80.2</subfield>
		<subfield code="b">.C3 1948</subfield>
	</datafield>
	<datafield ind1="0" ind2="4" tag="082">
		<subfield code="a">915.69</subfield>
		<subfield code="2">22</subfield>
	</datafield>
	<datafield ind1="1" ind2=" " tag="100">
		<subfield code="6">880-01</subfield>
		<subfield code="a">Kārn, Jūn,</subfield>
		<subfield code="d">1789-1844,</subfield>
		<subfield code="e">author.</subfield>
	</datafield>
	<datafield ind1="1" ind2="0" tag="240">
		<subfield code="a">Syria, the Holy Land, Asia Minor, &amp;c. illustrated.</subfield>
		<subfield code="l">Arabic</subfield>
	</datafield>
	<datafield ind1="1" ind2="0" tag="245">
		<subfield code="6">880-02</subfield>
		<subfield code="a">Riḥlah fī Lubnān fī al-thulth al-awwal min al-qarn al-tāsiʻ ʻashar :</subfield>
		<subfield code="b">muzayyanah bi-rusūm yadawīyah min al-ṭabīʻah wa al-āthār al-Lubnānīyah /</subfield>
		<subfield code="c">ikhtār fuṣūlahā wa ʻarrabahā ʻan al-Inklīzīyah Raʼīf Khūrī min Kitāb Sūriyā wa al-Arḍ al-Muqaddasah wa-Āsiyā al-ṣughrá, ilakh, ilakh.. taʼlīf Jūn Kārn.</subfield>
	</datafield>
	<datafield ind1=" " ind2=" " tag="250">
		<subfield code="6">880-03</subfield>
		<subfield code="a">al-Ṭabʻah al-thāniyah.</subfield>
	</datafield>
	<datafield ind1=" " ind2="1" tag="264">
		<subfield code="6">880-04</subfield>
		<subfield code="a">Bayrūt :</subfield>
		<subfield code="b">Dār al-Makshūf,</subfield>
		<subfield code="c">1948.</subfield>
	</datafield>
	<datafield ind1=" " ind2=" " tag="300">
		<subfield code="6">880-05</subfield>
		<subfield code="a">online resource (290 pages) :</subfield>
		<subfield code="b">illustrations</subfield>
	</datafield>
	<datafield ind1=" " ind2=" " tag="336">
		<subfield code="a">text</subfield>
		<subfield code="2">rdacontent</subfield>
	</datafield>
	<datafield ind1=" " ind2=" " tag="337">
		<subfield code="a">computer</subfield>
		<subfield code="2">rdamedia</subfield>
	</datafield>
	<datafield ind1=" " ind2=" " tag="338">
		<subfield code="a">online resource</subfield>
		<subfield code="2">rdacarrier</subfield>
	</datafield>
	<datafield ind1="1" ind2=" " tag="490">
		<subfield code="6">880-06</subfield>
		<subfield code="a">Mabāḥith ajnabīyah fī tārīkh Lubnān</subfield>
	</datafield>
	<datafield ind1=" " ind2=" " tag="500">
		<subfield code="a">Part of the Arabic Collections Online (ACO) project, contributed by American University of Beirut's Jafet Memorial Library.</subfield>
	</datafield>
	<datafield ind1=" " ind2=" " tag="533">
		<subfield code="a">Electronic reproduction.</subfield>
		<subfield code="b">New York, N.Y. :</subfield>
		<subfield code="c">New York University,</subfield>
		<subfield code="d">2017.</subfield>
		<subfield code="5">NNU</subfield>
	</datafield>
	<datafield ind1=" " ind2="0" tag="651">
		<subfield code="6">880-07</subfield>
		<subfield code="a">Lebanon</subfield>
		<subfield code="x">Description and travel.</subfield>
	</datafield>
	<datafield ind1="0" ind2=" " tag="700">
		<subfield code="6">880-08</subfield>
		<subfield code="a">Khūrī, Raʼīf,</subfield>
		<subfield code="d">1913-1967,</subfield>
		<subfield code="e">translator</subfield>
	</datafield>
	<datafield ind1="2" ind2=" " tag="710">
		<subfield code="a">Jafet Memorial Library.</subfield>
	</datafield>
	<datafield ind1="0" ind2=" " tag="730">
		<subfield code="a">Arabic Collections Online.</subfield>
	</datafield>
	<datafield ind1="0" ind2=" " tag="765">
		<subfield code="a">Translation of:</subfield>
		<subfield code="t">Syria, the Holy Land, Asia Minor, &amp;c. illustrated</subfield>
		<subfield code="d">London : Fisher Son &amp; Co., 1836-1938</subfield>
		<subfield code="w">b11765252</subfield>
		<subfield code="w">(OCoLC)11059927</subfield>
	</datafield>
	<datafield ind1="0" ind2=" " tag="775">
		<subfield code="6">880-09</subfield>
		<subfield code="t">Riḥlah fī Lubnān fī al-thulth al-awwal min al-qarn al-tāsiʻ ʻashar : muzayyanah bi-rusūm yadawīyah min al-ṭabīʻah wa al-āthār al-Lubnānīyah.</subfield>
		<subfield code="b">First edition</subfield>
		<subfield code="d">Bayrūt, wizārat al-Tarbiyah al-Waṭanīyah wa-al-Funūn al-Jamīlah, 1948</subfield>
		<subfield code="w">(OCoLC)784526277</subfield>
		<subfield code="w">(OCoLC)784526277</subfield>
	</datafield>
	<datafield ind1="0" ind2="8" tag="776">
		<subfield code="i">Print version:</subfield>
		<subfield code="a">Kārn, Jūn, 1789-1844, author.</subfield>
		<subfield code="t">Riḥlah fī Lubnān fī al-thulth al-awwal min al-qarn al-tāsiʻ ʻashar</subfield>
		<subfield code="w">(LeBAU)b12889921</subfield>
	</datafield>
	<datafield ind1=" " ind2="0" tag="830">
		<subfield code="6">880-10</subfield>
		<subfield code="a">Mabāḥith ajnabīyah fī tārīkh Lubnān.</subfield>
	</datafield>
	<datafield ind1="4" ind2="0" tag="856">
		<subfield code="u">http://hdl.handle.net/2333.1/xsj3v270</subfield>
	</datafield>
	<datafield ind1="1" ind2=" " tag="880">
		<subfield code="6">100-01/r</subfield>
		<subfield code="a">كارن، جون،</subfield>
		<subfield code="d">1789-1844،</subfield>
		<subfield code="e">author.</subfield>
	</datafield>
	<datafield ind1="1" ind2="0" tag="880">
		<subfield code="6">245-02/r</subfield>
		<subfield code="a">رحلة في لبنان في الثلث الأول من القرن التاسع عشر :</subfield>
		<subfield code="b">مزينة برسوم يدوية من الطبيعة و الآثار اللبنانية /</subfield>
		<subfield code="c">إختار فصولها وعربها عن الإنكليزية رئيف خوري من كتاب سوريا والأرض المقدسة وآسيا الصغرى، الخ، إلخ... تأليف جون كارن.</subfield>
	</datafield>
	<datafield ind1=" " ind2=" " tag="880">
		<subfield code="6">250-03/r</subfield>
		<subfield code="a">الطبعة الثانية.</subfield>
	</datafield>
	<datafield ind1=" " ind2="1" tag="880">
		<subfield code="6">264-04/r</subfield>
		<subfield code="a">بيروت :</subfield>
		<subfield code="b">دار المكشوف،</subfield>
		<subfield code="c">1948.</subfield>
	</datafield>
	<datafield ind1=" " ind2=" " tag="880">
		<subfield code="6">300-05/r</subfield>
		<subfield code="a">290 صفحة :</subfield>
		<subfield code="b">مصورات ؛</subfield>
		<subfield code="c">20 سم.</subfield>
	</datafield>
	<datafield ind1="1" ind2=" " tag="880">
		<subfield code="6">490-06/r</subfield>
		<subfield code="a">مباحث اجنبية في تاريخ لبنان</subfield>
	</datafield>
	<datafield ind1=" " ind2="4" tag="880">
		<subfield code="6">651-07/r</subfield>
		<subfield code="a">لبنان</subfield>
		<subfield code="x">وصف ورحلات.</subfield>
	</datafield>
	<datafield ind1="1" ind2=" " tag="880">
		<subfield code="6">700-08/r</subfield>
		<subfield code="a">خوري، رئيف،</subfield>
		<subfield code="e">مترجم.</subfield>
		<subfield code="4">trl.</subfield>
	</datafield>
	<datafield ind1="0" ind2=" " tag="880">
		<subfield code="6">765-00/r</subfield>
		<subfield code="i">ترجمة كتاب:</subfield>
		<subfield code="t">Syria, the Holy Land, Asia Minor, &amp;c. illustrated</subfield>
		<subfield code="d">London : Fisher Son &amp; Co., 1836-1938</subfield>
		<subfield code="w">(OCoLC)11059927</subfield>
		<subfield code="w">(OCoLC)11059927</subfield>
		<subfield code="a">Translation of:</subfield>
	</datafield>
	<datafield ind1="0" ind2=" " tag="880">
		<subfield code="6">775-09/r</subfield>
		<subfield code="t">رحلة في لبنان في الثلث الأول من القرن التاسع عشر : مزينة برسوم يدوية من الطبيعة والآثار اللبنانية.</subfield>
		<subfield code="b">الطبعة الأولى</subfield>
		<subfield code="d">بيروت : وزارة التربية الوطنية والفنون الجميلة، 1948</subfield>
		<subfield code="w">b1288991x</subfield>
		<subfield code="w">(OCoLC)784526277</subfield>
	</datafield>
	<datafield ind1=" " ind2="0" tag="880">
		<subfield code="6">830-10/r</subfield>
		<subfield code="a">مباحث اجنبية في تاريخ لبنان.</subfield>
	</datafield>
	<datafield ind1=" " ind2=" " tag="959">
		<subfield code="a">NNU</subfield>
		<subfield code="b">WEB</subfield>
		<subfield code="c">GENI</subfield>
		<subfield code="t">0</subfield>
		<subfield code="m">Electronic access</subfield>
		<subfield code="s">01</subfield>
	</datafield>
	<datafield ind1=" " ind2=" " tag="999">
		<subfield code="i">LeBAU_b12889921</subfield>
		<subfield code="s">aub_aco000115</subfield>
		<subfield code="e">(ERROR-880)</subfield>
		<subfield code="s">aub_aco000115</subfield>
	</datafield>
</record>
